%% This BibTeX bibliography file was created using BibDesk.
%% http://bibdesk.sourceforge.net/


%% Created for Vincent Zhao at 2016-05-19 23:17:50 +0800 


%% Saved with string encoding Unicode (UTF-8) 



@inproceedings{krizhevsky2012imagenet,
	Author = {Krizhevsky, Alex and Sutskever, Ilya and Hinton, Geoffrey E},
	Booktitle = {Advances in neural information processing systems},
	Date-Added = {2016-05-19 15:17:49 +0000},
	Date-Modified = {2016-05-19 15:17:49 +0000},
	Pages = {1097--1105},
	Title = {Imagenet classification with deep convolutional neural networks},
	Year = {2012}}

@article{bengio2013representation,
	Author = {Bengio, Yoshua and Courville, Aaron and Vincent, Pierre},
	Date-Added = {2016-05-19 11:56:57 +0000},
	Date-Modified = {2016-05-19 11:56:57 +0000},
	Journal = {Pattern Analysis and Machine Intelligence, IEEE Transactions on},
	Number = {8},
	Pages = {1798--1828},
	Publisher = {IEEE},
	Title = {Representation learning: A review and new perspectives},
	Volume = {35},
	Year = {2013}}

@article{lecun2015deep,
	Author = {LeCun, Yann and Bengio, Yoshua and Hinton, Geoffrey},
	Date-Added = {2016-05-19 11:41:21 +0000},
	Date-Modified = {2016-05-19 11:41:21 +0000},
	Journal = {Nature},
	Number = {7553},
	Pages = {436--444},
	Publisher = {Nature Publishing Group},
	Title = {Deep learning},
	Volume = {521},
	Year = {2015}}

@article{test-en,
	Author = {Author},
	Date = {2014-04-01},
	Journal = {Journal},
	Language = {english},
	Title = {Title},
	Type = {J}}

@article{test-zh,
	Author = {作者},
	Date = {2014-04-01},
	Journal = {期刊},
	Language = {chinese},
	Title = {标题},
	Type = {J}}
